%YAML 1.1
%TAG !u! tag:unity3d.com,2011:
--- !u!29 &1
OcclusionCullingSettings:
  m_ObjectHideFlags: 0
  serializedVersion: 2
  m_OcclusionBakeSettings:
    smallestOccluder: 5
    smallestHole: 0.25
    backfaceThreshold: 100
  m_SceneGUID: 00000000000000000000000000000000
  m_OcclusionCullingData: {fileID: 0}
--- !u!104 &2
RenderSettings:
  m_ObjectHideFlags: 0
  serializedVersion: 8
  m_Fog: 0
  m_FogColor: {r: 0.5, g: 0.5, b: 0.5, a: 1}
  m_FogMode: 3
  m_FogDensity: 0.01
  m_LinearFogStart: 0
  m_LinearFogEnd: 300
  m_AmbientSkyColor: {r: 0.212, g: 0.227, b: 0.259, a: 1}
  m_AmbientEquatorColor: {r: 0.114, g: 0.125, b: 0.133, a: 1}
  m_AmbientGroundColor: {r: 0.047, g: 0.043, b: 0.035, a: 1}
  m_AmbientIntensity: 1
  m_AmbientMode: 3
  m_SubtractiveShadowColor: {r: 0.42, g: 0.478, b: 0.627, a: 1}
  m_SkyboxMaterial: {fileID: 0}
  m_HaloStrength: 0.5
  m_FlareStrength: 1
  m_FlareFadeSpeed: 3
  m_HaloTexture: {fileID: 0}
  m_SpotCookie: {fileID: 10001, guid: 0000000000000000e000000000000000, type: 0}
  m_DefaultReflectionMode: 0
  m_DefaultReflectionResolution: 128
  m_ReflectionBounces: 1
  m_ReflectionIntensity: 1
  m_CustomReflection: {fileID: 0}
  m_Sun: {fileID: 0}
  m_IndirectSpecularColor: {r: 0, g: 0, b: 0, a: 1}
--- !u!157 &3
LightmapSettings:
  m_ObjectHideFlags: 0
  serializedVersion: 11
  m_GIWorkflowMode: 1
  m_GISettings:
    serializedVersion: 2
    m_BounceScale: 1
    m_IndirectOutputScale: 1
    m_AlbedoBoost: 1
    m_TemporalCoherenceThreshold: 1
    m_EnvironmentLightingMode: 0
    m_EnableBakedLightmaps: 0
    m_EnableRealtimeLightmaps: 0
  m_LightmapEditorSettings:
    serializedVersion: 9
    m_Resolution: 2
    m_BakeResolution: 40
    m_TextureWidth: 1024
    m_TextureHeight: 1024
    m_AO: 0
    m_AOMaxDistance: 1
    m_CompAOExponent: 1
    m_CompAOExponentDirect: 0
    m_Padding: 2
    m_LightmapParameters: {fileID: 0}
    m_LightmapsBakeMode: 1
    m_TextureCompression: 1
    m_FinalGather: 0
    m_FinalGatherFiltering: 1
    m_FinalGatherRayCount: 256
    m_ReflectionCompression: 2
    m_MixedBakeMode: 2
    m_BakeBackend: 0
    m_PVRSampling: 1
    m_PVRDirectSampleCount: 32
    m_PVRSampleCount: 500
    m_PVRBounces: 2
    m_PVRFilterTypeDirect: 0
    m_PVRFilterTypeIndirect: 0
    m_PVRFilterTypeAO: 0
    m_PVRFilteringMode: 1
    m_PVRCulling: 1
    m_PVRFilteringGaussRadiusDirect: 1
    m_PVRFilteringGaussRadiusIndirect: 5
    m_PVRFilteringGaussRadiusAO: 2
    m_PVRFilteringAtrousPositionSigmaDirect: 0.5
    m_PVRFilteringAtrousPositionSigmaIndirect: 2
    m_PVRFilteringAtrousPositionSigmaAO: 1
  m_LightingDataAsset: {fileID: 0}
  m_UseShadowmask: 1
--- !u!196 &4
NavMeshSettings:
  serializedVersion: 2
  m_ObjectHideFlags: 0
  m_BuildSettings:
    serializedVersion: 2
    agentTypeID: 0
    agentRadius: 0.5
    agentHeight: 2
    agentSlope: 45
    agentClimb: 0.4
    ledgeDropHeight: 0
    maxJumpAcrossDistance: 0
    minRegionArea: 2
    manualCellSize: 0
    cellSize: 0.16666667
    manualTileSize: 0
    tileSize: 256
    accuratePlacement: 0
    debug:
      m_Flags: 0
  m_NavMeshData: {fileID: 0}
--- !u!114 &392456803 stripped
MonoBehaviour:
  m_PrefabParentObject: {fileID: 11462738, guid: abc5256b15ba1cd4c97a6c04fec23247,
    type: 2}
  m_PrefabInternal: {fileID: 408165115}
  m_Script: {fileID: 11500000, guid: 81f74efaa2a273a46aa70a8c3122088b, type: 3}
--- !u!1001 &408165115
Prefab:
  m_ObjectHideFlags: 0
  serializedVersion: 2
  m_Modification:
    m_TransformParent: {fileID: 0}
    m_Modifications:
    - target: {fileID: 484902, guid: abc5256b15ba1cd4c97a6c04fec23247, type: 2}
      propertyPath: m_LocalPosition.x
      value: 0
      objectReference: {fileID: 0}
    - target: {fileID: 484902, guid: abc5256b15ba1cd4c97a6c04fec23247, type: 2}
      propertyPath: m_LocalPosition.y
      value: 0
      objectReference: {fileID: 0}
    - target: {fileID: 484902, guid: abc5256b15ba1cd4c97a6c04fec23247, type: 2}
      propertyPath: m_LocalPosition.z
      value: 0
      objectReference: {fileID: 0}
    - target: {fileID: 484902, guid: abc5256b15ba1cd4c97a6c04fec23247, type: 2}
      propertyPath: m_LocalRotation.x
      value: 0
      objectReference: {fileID: 0}
    - target: {fileID: 484902, guid: abc5256b15ba1cd4c97a6c04fec23247, type: 2}
      propertyPath: m_LocalRotation.y
      value: 0
      objectReference: {fileID: 0}
    - target: {fileID: 484902, guid: abc5256b15ba1cd4c97a6c04fec23247, type: 2}
      propertyPath: m_LocalRotation.z
      value: 0
      objectReference: {fileID: 0}
    - target: {fileID: 484902, guid: abc5256b15ba1cd4c97a6c04fec23247, type: 2}
      propertyPath: m_LocalRotation.w
      value: 1
      objectReference: {fileID: 0}
    - target: {fileID: 484902, guid: abc5256b15ba1cd4c97a6c04fec23247, type: 2}
      propertyPath: m_RootOrder
      value: 1
      objectReference: {fileID: 0}
    - target: {fileID: 2016454, guid: abc5256b15ba1cd4c97a6c04fec23247, type: 2}
      propertyPath: m_NormalizedViewPortRect.x
      value: 0
      objectReference: {fileID: 0}
    - target: {fileID: 2016454, guid: abc5256b15ba1cd4c97a6c04fec23247, type: 2}
      propertyPath: m_NormalizedViewPortRect.y
      value: 0
      objectReference: {fileID: 0}
    - target: {fileID: 436024, guid: abc5256b15ba1cd4c97a6c04fec23247, type: 2}
      propertyPath: m_LocalScale.x
      value: 1.7777778
      objectReference: {fileID: 0}
    - target: {fileID: 436024, guid: abc5256b15ba1cd4c97a6c04fec23247, type: 2}
      propertyPath: m_LocalScale.y
      value: 1
      objectReference: {fileID: 0}
    - target: {fileID: 11492098, guid: abc5256b15ba1cd4c97a6c04fec23247, type: 2}
      propertyPath: baseWidth
      value: 480
      objectReference: {fileID: 0}
    - target: {fileID: 11492098, guid: abc5256b15ba1cd4c97a6c04fec23247, type: 2}
      propertyPath: baseHeight
      value: 270
      objectReference: {fileID: 0}
    - target: {fileID: 2058416, guid: abc5256b15ba1cd4c97a6c04fec23247, type: 2}
      propertyPath: m_TargetTexture
      value: 
      objectReference: {fileID: 8400000, guid: 40f5b2cd99c34cd44bfa5c25bfa153dd, type: 2}
    - target: {fileID: 2058416, guid: abc5256b15ba1cd4c97a6c04fec23247, type: 2}
      propertyPath: orthographic size
      value: 30
      objectReference: {fileID: 0}
    - target: {fileID: 11462738, guid: abc5256b15ba1cd4c97a6c04fec23247, type: 2}
      propertyPath: _cameraTexture
      value: 
      objectReference: {fileID: 8400000, guid: 40f5b2cd99c34cd44bfa5c25bfa153dd, type: 2}
    - target: {fileID: 11462738, guid: abc5256b15ba1cd4c97a6c04fec23247, type: 2}
      propertyPath: _pixelScale
      value: 1
      objectReference: {fileID: 0}
    m_RemovedComponents: []
  m_ParentPrefab: {fileID: 100100000, guid: abc5256b15ba1cd4c97a6c04fec23247, type: 2}
  m_IsPrefabParent: 0
--- !u!1 &987423094
GameObject:
  m_ObjectHideFlags: 0
  m_PrefabParentObject: {fileID: 0}
  m_PrefabInternal: {fileID: 0}
  serializedVersion: 5
  m_Component:
  - component: {fileID: 987423096}
  - component: {fileID: 987423095}
  m_Layer: 0
  m_Name: Info
  m_TagString: Untagged
  m_Icon: {fileID: 0}
  m_NavMeshLayer: 0
  m_StaticEditorFlags: 0
  m_IsActive: 1
--- !u!114 &987423095
MonoBehaviour:
  m_ObjectHideFlags: 0
  m_PrefabParentObject: {fileID: 0}
  m_PrefabInternal: {fileID: 0}
  m_GameObject: {fileID: 987423094}
  m_Enabled: 1
  m_EditorHideFlags: 0
  m_Script: {fileID: 11500000, guid: 6feefde386d08fd4bb0d88d38cfb5cb4, type: 3}
  m_Name: 
  m_EditorClassIdentifier: 
--- !u!4 &987423096
Transform:
  m_ObjectHideFlags: 0
  m_PrefabParentObject: {fileID: 0}
  m_PrefabInternal: {fileID: 0}
  m_GameObject: {fileID: 987423094}
  m_LocalRotation: {x: 0, y: 0, z: 0, w: 1}
  m_LocalPosition: {x: 0, y: 0, z: 0}
  m_LocalScale: {x: 1, y: 1, z: 1}
  m_Children: []
  m_Father: {fileID: 0}
  m_RootOrder: 0
  m_LocalEulerAnglesHint: {x: 0, y: 0, z: 0}
--- !u!1 &994724614
GameObject:
  m_ObjectHideFlags: 0
  m_PrefabParentObject: {fileID: 154256, guid: dbd4c60ae33b72344b7b255b0a15414b, type: 2}
  m_PrefabInternal: {fileID: 0}
  serializedVersion: 5
  m_Component:
  - component: {fileID: 994724615}
  - component: {fileID: 994724617}
  - component: {fileID: 994724616}
  m_Layer: 5
  m_Name: Text
  m_TagString: Untagged
  m_Icon: {fileID: 0}
  m_NavMeshLayer: 0
  m_StaticEditorFlags: 0
  m_IsActive: 1
--- !u!224 &994724615
RectTransform:
  m_ObjectHideFlags: 0
  m_PrefabParentObject: {fileID: 22444468, guid: dbd4c60ae33b72344b7b255b0a15414b,
    type: 2}
  m_PrefabInternal: {fileID: 0}
  m_GameObject: {fileID: 994724614}
  m_LocalRotation: {x: 0, y: 0, z: 0, w: 1}
  m_LocalPosition: {x: 0, y: 0, z: 0}
  m_LocalScale: {x: 1, y: 1, z: 1}
  m_Children: []
  m_Father: {fileID: 1699739031}
  m_RootOrder: 0
  m_LocalEulerAnglesHint: {x: 0, y: 0, z: 0}
  m_AnchorMin: {x: 0, y: 1}
  m_AnchorMax: {x: 0, y: 1}
  m_AnchoredPosition: {x: 5, y: 0}
  m_SizeDelta: {x: 160, y: 30}
  m_Pivot: {x: 0, y: 1}
--- !u!114 &994724616
MonoBehaviour:
  m_ObjectHideFlags: 0
  m_PrefabParentObject: {fileID: 11470174, guid: dbd4c60ae33b72344b7b255b0a15414b,
    type: 2}
  m_PrefabInternal: {fileID: 0}
  m_GameObject: {fileID: 994724614}
  m_Enabled: 1
  m_EditorHideFlags: 0
  m_Script: {fileID: 708705254, guid: f5f67c52d1564df4a8936ccd202a3bd8, type: 3}
  m_Name: 
  m_EditorClassIdentifier: 
  m_Material: {fileID: 0}
  m_Color: {r: 1, g: 1, b: 1, a: 1}
  m_RaycastTarget: 1
  m_OnCullStateChanged:
    m_PersistentCalls:
      m_Calls: []
    m_TypeName: UnityEngine.UI.MaskableGraphic+CullStateChangedEvent, UnityEngine.UI,
      Version=1.0.0.0, Culture=neutral, PublicKeyToken=null
  m_FontData:
    m_Font: {fileID: 12800000, guid: fcba47c5a5a54ef4e86d226fb2877ef5, type: 3}
    m_FontSize: 14
    m_FontStyle: 0
    m_BestFit: 0
    m_MinSize: 10
    m_MaxSize: 40
    m_Alignment: 3
    m_AlignByGeometry: 0
    m_RichText: 1
    m_HorizontalOverflow: 0
    m_VerticalOverflow: 0
    m_LineSpacing: 1
  m_Text: info
--- !u!222 &994724617
CanvasRenderer:
  m_ObjectHideFlags: 0
  m_PrefabParentObject: {fileID: 22289016, guid: dbd4c60ae33b72344b7b255b0a15414b,
    type: 2}
  m_PrefabInternal: {fileID: 0}
  m_GameObject: {fileID: 994724614}
--- !u!1 &1699739026
GameObject:
  m_ObjectHideFlags: 0
  m_PrefabParentObject: {fileID: 128058, guid: dbd4c60ae33b72344b7b255b0a15414b, type: 2}
  m_PrefabInternal: {fileID: 0}
  serializedVersion: 5
  m_Component:
  - component: {fileID: 1699739031}
  - component: {fileID: 1699739030}
  - component: {fileID: 1699739029}
  - component: {fileID: 1699739028}
  - component: {fileID: 1699739027}
  m_Layer: 5
  m_Name: SpriteBossCanvas
  m_TagString: Untagged
  m_Icon: {fileID: 0}
  m_NavMeshLayer: 0
  m_StaticEditorFlags: 0
  m_IsActive: 1
--- !u!114 &1699739027
MonoBehaviour:
  m_ObjectHideFlags: 0
  m_PrefabParentObject: {fileID: 11487838, guid: dbd4c60ae33b72344b7b255b0a15414b,
    type: 2}
  m_PrefabInternal: {fileID: 0}
  m_GameObject: {fileID: 1699739026}
  m_Enabled: 1
  m_EditorHideFlags: 0
  m_Script: {fileID: 11500000, guid: 8485ef70d5c3a2146b56b2afd4fa1a6c, type: 3}
  m_Name: 
  m_EditorClassIdentifier: 
  _spriteBossCamera: {fileID: 392456803}
--- !u!114 &1699739028
MonoBehaviour:
  m_ObjectHideFlags: 0
  m_PrefabParentObject: {fileID: 11429384, guid: dbd4c60ae33b72344b7b255b0a15414b,
    type: 2}
  m_PrefabInternal: {fileID: 0}
  m_GameObject: {fileID: 1699739026}
  m_Enabled: 1
  m_EditorHideFlags: 0
  m_Script: {fileID: 1301386320, guid: f5f67c52d1564df4a8936ccd202a3bd8, type: 3}
  m_Name: 
  m_EditorClassIdentifier: 
  m_IgnoreReversedGraphics: 1
  m_BlockingObjects: 0
  m_BlockingMask:
    serializedVersion: 2
    m_Bits: 4294967295
--- !u!114 &1699739029
MonoBehaviour:
  m_ObjectHideFlags: 0
  m_PrefabParentObject: {fileID: 11494984, guid: dbd4c60ae33b72344b7b255b0a15414b,
    type: 2}
  m_PrefabInternal: {fileID: 0}
  m_GameObject: {fileID: 1699739026}
  m_Enabled: 1
  m_EditorHideFlags: 0
  m_Script: {fileID: 1980459831, guid: f5f67c52d1564df4a8936ccd202a3bd8, type: 3}
  m_Name: 
  m_EditorClassIdentifier: 
  m_UiScaleMode: 0
  m_ReferencePixelsPerUnit: 100
  m_ScaleFactor: 2
  m_ReferenceResolution: {x: 800, y: 600}
  m_ScreenMatchMode: 0
  m_MatchWidthOrHeight: 0
  m_PhysicalUnit: 3
  m_FallbackScreenDPI: 96
  m_DefaultSpriteDPI: 96
  m_DynamicPixelsPerUnit: 1
--- !u!223 &1699739030
Canvas:
  m_ObjectHideFlags: 0
  m_PrefabParentObject: {fileID: 22362924, guid: dbd4c60ae33b72344b7b255b0a15414b,
    type: 2}
  m_PrefabInternal: {fileID: 0}
  m_GameObject: {fileID: 1699739026}
  m_Enabled: 1
  serializedVersion: 3
  m_RenderMode: 0
  m_Camera: {fileID: 0}
  m_PlaneDistance: 100
  m_PixelPerfect: 1
  m_ReceivesEvents: 1
  m_OverrideSorting: 0
  m_OverridePixelPerfect: 0
  m_SortingBucketNormalizedSize: 0
  m_AdditionalShaderChannelsFlag: 25
  m_SortingLayerID: 0
  m_SortingOrder: 0
  m_TargetDisplay: 0
--- !u!224 &1699739031
RectTransform:
  m_ObjectHideFlags: 0
  m_PrefabParentObject: {fileID: 22425624, guid: dbd4c60ae33b72344b7b255b0a15414b,
    type: 2}
  m_PrefabInternal: {fileID: 0}
  m_GameObject: {fileID: 1699739026}
  m_LocalRotation: {x: 0, y: 0, z: 0, w: 1}
  m_LocalPosition: {x: 0, y: 0, z: 0}
  m_LocalScale: {x: 0, y: 0, z: 0}
  m_Children:
  - {fileID: 994724615}
  m_Father: {fileID: 0}
  m_RootOrder: 2
  m_LocalEulerAnglesHint: {x: 0, y: 0, z: 0}
  m_AnchorMin: {x: 0, y: 0}
  m_AnchorMax: {x: 0, y: 0}
  m_AnchoredPosition: {x: 0, y: 0}
  m_SizeDelta: {x: 0, y: 0}
  m_Pivot: {x: 0, y: 0}
